@article{lmntal2004,
  title={言語モデル{LMNtal}},
  author={上田和紀 and 加藤紀夫},
  journal={コンピュータ ソフトウェア},
  volume={21},
  number={2},
  pages={126-142},
  year={2004},
  doi={10.11309/jssst.21.126}
}

@article{UEDA20094784,
title = "{LMNtal} as a hierarchical logic programming language",
journal = "Theoretical Computer Science",
volume = "410",
number = "46",
pages = "4784-4800",
year = "2009",
issn = "0304-3975",
author = "Kazunori Ueda",
keywords = "LMNtal, Concurrent logic programming, Concurrent constraint programming, Hierarchical graph rewriting"
}
% doi = "https://doi.org/10.1016/j.tcs.2009.07.043",
% url = "http://www.sciencedirect.com/science/article/pii/S0304397509005325",

@article{hyperlmntal,
author="Ueda, Kazunori
and Ogawa, Seiji",
title="{HyperLMNtal}: An Extension of a Hierarchical Graph Rewriting Model",
journal="KI - K{\"u}nstliche Intelligenz",
year="2012",
day="01",
volume="26",
number="1",
pages="27--36",
abstract="LMNtal (pronounced ``elemental'') is a language model based on hierarchical graph rewriting that uses point-to-point links to represent connectivity and membranes to represent hierarchy. LMNtal was designed to be a substrate language of various computational models, especially those addressing concurrency, mobility and multiset rewriting.",
issn="1610-1987",
}

@article{Gocho2011,
  title={Evolution of the {LMNtal} Runtime to a Parallel Model Checker},
  author={Masato Gocho and Taisuke Hori and Kazunori Ueda},
  journal={Computer Software},
  volume={28},
  number={4},
  pages={4\_137-4\_157},
  year={2011},
}
% doi={10.11309/jssst.28.4\_137}

@article{Gocho2011jp,
  title={LMNtal実行時処理系の並列モデル検査器への発展},
  author={後町 将人 and 堀 泰祐 and 上田 和紀},
  journal={コンピュータ ソフトウェア},
  volume={28},
  number={4},
  pages={4\_137-4\_157},
  year={2011}
}
% doi={10.11309/jssst.28.4\_137}

@article{lmntal2008,
  title={階層グラフ書換えモデルに基づく統合プログラミング言語{LMNtal}},
  author={乾 敦行 and 工藤 晋太郎 and 原 耕司 and 水野 謙 and 加藤 紀夫 and 上田 和紀},
  journal={コンピュータ ソフトウェア},
  volume={25},
  number={1},
  pages={124--150},
  year={2008},
  doi={10.11309/jssst.25.1\_124}
}

@article{jot2018,
  title = "Implementation of LMNtal Model Checkers: A Metaprogramming Approach",
  keywords = "Graph rewriting, Meta-interpreters, Model checkers, State- space search",
  author = "Yutaro Tsunekawa and Taichi Tomioka and Kazunori Ueda",
  year = "2018",
  month = nov,
  day = "1",
  doi = "10.5381/jot.2018.17.1.a1",
  language = "English",
  volume = "17",
  journal = "Journal of Object Technology",
  issn = "1660-1769",
  publisher = "Journal of Object Technology",
  number = "1",
}

@bachelorsthesis{proctype,
  title={{LMNtal} 処理系におけるグラフ構造の複製・破棄および比較機能の設計と実装},
  author={工藤晋太郎},
  school={早稲田大学理工学部情報学科},
  type={卒業論文},
  year={2006}
}

@mastersthesis{cslmntal,
  title={再帰的な文脈パターンマッチング機能を持つグラフ書き換え言語の設計と効率的な実装手法},
  author={奈良耕太},
  school={早稲田大学大学院基幹理工学研究科情報理工・情報通信専攻},
  type={修士論文},
  year={2015}
}

@bachelorsthesis{lmntalshapetype2014,
  title={グラフ書換え言語{LMNtal}への{ShapeType}の導入と実装},
  author={吉元佑介},
  school={早稲田大学基幹理工学部情報理工学科},
  type={卒業論文},
  year={2014}
}

@mastersthesis{lmntalshapetype2016,
  title={グラフ書換え言語{LMNtal}におけるグラフ型検査およびルール型保存性検査},
  author={吉元佑介},
  school={早稲田大学基幹理工学研究科情報理工・情報通信専攻},
  type={修士論文},
  year={2014}
}

@mastersthesis{typedlmntal,
  title={{Typed LMNtal}},
  author={工藤晋太郎},
  school={早稲田大学理工学研究科情報・ネットワーク専攻},
  type={修士論文},
  year={2006}
}

@inproceedings{jssst,
  title={Static type checking in graph rewriting system},
  author={Yusuke Yoshimoto and Kazunori Ueda},
  booktitle={Proceedings of the 32nd JSSST Annual Conference},
  year={2015}
}

@inproceedings{jssst2015,
  title={グラフ書換え系における静的グラフ型検査},
  author={吉元佑介 and 上田和紀},
  booktitle={日本ソフトウェア科学会第32回大会 (2015年度) 講演論文集},
  year={2015}
}

@inproceedings{jssst2019,
  title={グラフ書換え言語におけるグラフ操作の静的型検査},
  author={山本直輝 and 上田和紀},
  booktitle={日本ソフトウェア科学会第36回大会 (2019年度) 講演論文集},
  year={2019}
}

@inproceedings{shapetypes,
  title={Shape types},
  author={Pascal Fradet and Daniel Le M{\'e}tayer},
  booktitle={Proc.\ POPL'97},
  pages={27--39},
  year={1997},
  organization={ACM}
}

@article{structuredgamma,
  title = "Structured {Gamma}",
  journal = "Science of Computer Programming",
  volume = "31",
  number = "2",
  pages = "263--289",
  year = "1998",
  issn = "0167-6423",
  author = "Pascal Fradet and Daniel Le M{\'e}tayer",
}
  doi = "10.1016/S0167-6423(97)00023-3",
  keywords = "Multiset rewriting, Graph grammar, Type checking, Program refinement, Coordination, Software architecture",
  url = "http://www.sciencedirect.com/science/article/pii/S0167642397000233",
  note = "Coordination Models, Languages and Architectures",

@article{slim,
  title={軽量な{LMNtal}実行時処理系{SLIM}の設計と実装},
  author={石川力 and 堀泰祐 and 村山敬 and 岡部亮 and 上田和紀},
  journal={情報処理学会第70回全国大会講演論文集},
  pages={153--154},
  year={2008}
}

@inproceedings{graphtypes,
 author = {Klarlund, Nils and Schwartzbach, Michael I.},
 title = {Graph Types},
 booktitle = {Proc.\ POPL'93},
 year = {1993},
 isbn = {0-89791-560-7},
 location = {Charleston, South Carolina, USA},
 pages = {196--205},
 numpages = {10},
}
 doi = {10.1145/158511.158628},
 acmid = {158628},
 publisher = {ACM},
 address = {New York, NY, USA},
 url = {http://doi.acm.org/10.1145/158511.158628},

@article{refinementtypes,
  author = {Vazou, Niki and Seidel, Eric and Jhala, Ranjit and Vytiniotis, Dimitrios and Peyton Jones, Simon},
  year = {2014},
  month = {08},
  title = {Refinement {Types} {For} {Haskell}},
  volume = {49},
  isbn = {978-1-4503-2873-9},
  journal = {ACM SIGPLAN Notices},
  doi = {10.1145/2628136.2628161}
}

@inproceedings{liquidtypes,
 author = {Rondon, Patrick M. and Kawaguci, Ming and Jhala, Ranjit},
 title = {Liquid {Types}},
 booktitle = {Proc.\ PLDI 2008},
 year = {2008},
 pages = {159--169},
 publisher = {ACM},
 keywords = {dependent types, hindley-milner, predicate abstraction, type inference},
}
 url = {http://doi.acm.org/10.1145/1379022.1375602},
 doi = {10.1145/1379022.1375602},

@article{rbtreewithtypes,
  title={Red-black trees with types},
  volume={11},
  DOI={10.1017/S0956796801004026},
  number={4},
  journal={Journal of Functional Programming},
  publisher={Cambridge University Press},
  author={KAHRS, STEFAN},
  year={2001},
  pages={425–432}
}

@inproceedings{skiplists-workshop,
  title={Skip lists: A probabilistic alternative to balanced trees},
  author={Pugh, William},
  booktitle={Workshop on Algorithms and Data Structures},
  pages={437--449},
  year={1989},
  organization={Springer}
}

@article{skiplists,
  title={Skip lists: A probabilistic alternative to balanced trees},
  author={Pugh, William},
  journal={Commun.\ ACM},
  volume={33},                    
  number={6},                 
  pages={668--676},
  year={1990}
}

@InProceedings{lavit,
  author="Ueda, Kazunori
  and Ayano, Takayuki
  and Hori, Taisuke
  and Iwasawa, Hiroki
  and Ogawa, Seiji",
  title="Hierarchical Graph Rewriting as a Unifying Tool for Analyzing and Understanding Nondeterministic Systems",
  booktitle="Theoretical Aspects of Computing - ICTAC 2009",
  year="2009",
  publisher="Springer",
  pages="349--355",
  isbn="978-3-642-03466-4"
}

@InProceedings{lambda,
  author="Ueda, Kazunori",
  title="Encoding the Pure Lambda Calculus into Hierarchical Graph Rewriting",
  booktitle="Proc.\ RTA2008",
  series={LNCS},
  volume={5117},
  year="2008",
  publisher="Springer",
  pages="392--408",
  isbn="978-3-540-70590-1"
}

@InCollection{Ueda2014,
  author="Ueda, Kazunori",
  title="Towards a Substrate Framework of Computation",
  booktitle="Concurrent Objects and Beyond",
  series={LNCS},
  volume={8665},
  year="2014",
  publisher="Springer",
  pages="341--366",
  isbn="978-3-662-44471-9",
}
  doi="10.1007/978-3-662-44471-9_15",
  url="https://doi.org/10.1007/978-3-662-44471-9_15"

@article{sizedtypes,
  author={Chin, W.-N. and Khoo, S.-C.},
  title={Calculating sized types},
  journal={Higher-Order and Symbolic Computation},
  volume={14},
  number={2--3},
  pages={260--300},
  year={2001}
  }

@article{Groove,
  author={Ghamarian, A.H. and de~Mol, M. and Rensink, A.
          and Zambon, E. and Zimakova, M.},
  title={Modelling and analysis using {GROOVE}},
  journal={STTT},
  volume={14},
  number={1},
  pages={15--40},
  year={2012}
  }

@inProceedings{GP,
  author={Manning, G. and Plump, D.},
  title={The {GP} programming system},
  booktitle={Proc.\ Graph Transformation and Visual Modelling Techniques
             (GT-VMT 2008),
	     volume 10 of Electronic Communications of the EASST},
  year={2008}
  }

@INPROCEEDINGS{indexedgrammars,
  author={A. V. {Aho}},
  booktitle={8th Annual Symposium on Switching and Automata Theory (SWAT 1967)}, 
  title={Indexed grammars -- An extension of context free grammars}, 
  year={1967},
  volume={},
  number={},
  pages={21-31}
}


@Book{implementingfl,
author = {Jones, SL Peyton and Lester, DR and Peyton Jones, Simon},
title = {Implementing functional languages: a tutorial},
booktitle = {Implementing functional languages: a tutorial},
year = {1992},
month = {1},
publisher = {Prentice Hall},
url = {https://www.microsoft.com/en-us/research/publication/implementing-functional-languages-a-tutorial/},
}

@book{pi,
author = {Sangiorgi, Davide and Walker, David},
title = {The Pi-Calculus: A Theory of Mobile Processes},
year = {2001},
isbn = {0521781779},
publisher = {Cambridge University Press},
}



@InProceedings{g-machine,
author="Kieburtz, Richard B.",
title="The G-machine: A fast, graph-reduction evaluator",
booktitle="Functional Programming Languages and Computer Architecture",
year="1985",
publisher="Springer Berlin Heidelberg",
pages="400--413",
isbn="978-3-540-39677-2"
}


@article{stg,
author = {Peyton Jones, Simon},
year = {1992},
month = {04},
pages = {127-202},
title = {Implementing Lazy Functional Languages on Stock Hardware: The Spineless Tagless G-Machine.},
volume = {2},
journal = {J. Funct. Program.},
doi = {10.1017/S0956796800000319}
}



@phdthesis{gp2,
 month = {September},
 title = {GP 2: Efficient Implementation of a Graph Programming Language},
 school = {University of York},
 author = {Christopher Bak},
 publisher = {University of York},
 year = {2015},
 keywords = {Graph programming, code generation, rooted graph transformation, domain-specific languages},
url = {http://etheses.whiterose.ac.uk/12586/},
}



@book{handbookgraph,
    author = {Rozenberg, Grzegorz},
    title = {Handbook of Graph Grammars and Computing by Graph Transformation},
    publisher = {World Scientific},
    year = {1997},
    doi = {10.1142/3303},
    URL = {https://www.worldscientific.com/doi/abs/10.1142/3303},
}




@inproceedings{dactl,
title = "Dactl - an Experimental Graph Rewriting Language",
author = "Glauert, {J. R. W.} and Kennaway, {J. R.} and Sleep, {M. R.}",
year = "1991",
doi = "10.1007/BFb0017401",
language = "English",
volume = "532",
series = "LNCS",
publisher = "Springer",
pages={378--395},
booktitle = "Proc.\ Graph Grammars 1990",
}


@mastersthesis{sano2021,
  author    = {Jin Sano},
  title     = {Implementing G-Machine in HyperLMNtal},
  journal   = {CoRR},
  volume    = {abs/2103.14698},
  year      = {2021},
  url       = {https://arxiv.org/abs/2103.14698},
  note       = {https://arxiv.org/abs/2103.14698},
  archivePrefix = {arXiv},
  eprint    = {2103.14698},
  timestamp = {Wed, 07 Apr 2021 15:31:46 +0200},
  biburl    = {https://dblp.org/rec/journals/corr/abs-2103-14698.bib},
  bibsource = {dblp computer science bibliography, https://dblp.org},
  school    = {Waseda University},
  type      = {Bachelor's Thesis},
}



@INPROCEEDINGS{fusion-calculus,
  author={Parrow, J. and Victor, B.},
  booktitle={Proc.\ LICS 1998}, 
  title={The fusion calculus: expressiveness and symmetry in mobile processes}, 
  year={1998},
  volume={},
  number={},
  pages={176--185},
  doi={10.1109/LICS.1998.705654}
  }



@article{namebindingiseasy,
  title={Name Binding is Easy with Hypergraphs},
  author={Alimujiang YASEN and Kazunori UEDA},
  journal={IEICE Transactions on Information and Systems},
  volume={E101.D},
  number={4},
  pages={1126-1140},
  year={2018},
  doi={10.1587/transinf.2017EDP7257}
}

@INPROCEEDINGS {hyperlambda,
author = {A. Yasen and K. Ueda},
booktitle = {2016 10th International Symposium on Theoretical Aspects of Software Engineering (TASE)},
title = {Hypergraph Representation of Lambda-Terms},
year = {2016},
volume = {},
issn = {},
pages = {113--116},
keywords = {syntactics;electronic mail;computers;computer languages;concrete;software engineering},
doi = {10.1109/TASE.2016.25},
url = {https://doi.ieeecomputersociety.org/10.1109/TASE.2016.25},
publisher = {IEEE Computer Society},
month = {7} 
}

@inproceedings{unificationhyperlambda,
  TITLE = {{Unification of Hypergraph $\lambda $-Terms}},
  AUTHOR = {Yasen,Alimujiang and Ueda,Kazunori},
  URL = {https://hal.inria.fr/hal-01760636},
  NOTE = {Part 3: Logic, Semantics, and Programming Theory},
  BOOKTITLE = {{2nd International Conference on Topics in Theoretical Computer Science (TTCS)}},
  PUBLISHER = {{Springer International Publishing}},
  SERIES = {Topics in Theoretical Computer Science},
  VOLUME = {LNCS-10608},
  PAGES = {106-124},
  YEAR = {2017},
  MONTH = Sep,
  DOI = {10.1007/978-3-319-68953-1\_9},
  PDF = {https://hal.inria.fr/hal-01760636/file/440117_1_En_9_Chapter.pdf},
  HAL_ID = {hal-01760636},
  HAL_VERSION = {v1},
}






@book{hypergraph,
author = {Berge Claude},
title = {Hypergraphs: Combinatorics of Finite Sets},
year = {1989},
isbn = {0444874895},  
publisher = {Elsevier Science Publishers B.V.},
address = {USA},
}



@book{algebric-graph,
author = {Ehrig, H. and Ehrig, K. and Prange, U. and Taentzer, G.},
title = {Fundamentals of Algebraic Graph Transformation (Monographs in Theoretical Computer Science. An EATCS Series)},
year = {2006},
isbn = {3540311874},
publisher = {Springer},
}



@article{MILNER19921,
title = {A calculus of mobile processes, I},
journal = {Information and Computation},
volume = {100},
number = {1},
pages = {1-40},
year = {1992},
issn = {0890-5401},
doi = {https://doi.org/10.1016/0890-5401(92)90008-4},
url = {https://www.sciencedirect.com/science/article/pii/0890540192900084},
author = {Robin Milner and Joachim Parrow and David Walker},
}


@article{gadducci_2007,
    title={Graph rewriting for the π-calculus},
    volume={17},
    DOI={10.1017/S096012950700610X},
    number={3},
    journal={Mathematical Structures in Computer Science},
    publisher={Cambridge University Press},
    author={Gadducci, Fabio},
    year={2007},
    pages={407–437}
}


@misc{Banach91dactlrewriting,
    author = {R. Banach},
    title = {DACTL Rewriting is Categorical},
    howpublished = {Computer Science Department, Manchester University},
    year = {1991}
    }


@article{ongraphrewritings,
title = {On graph rewritings},
journal = {Theoretical Computer Science},
volume = {32},
number = {1},
pages = {1-24},
year = {1984},
issn = {0304-3975},
doi = {https://doi.org/10.1016/0304-3975(84)90021-5},
url = {https://www.sciencedirect.com/science/article/pii/0304397584900215},
author = {Jean Claude Raoult},
}



@article{sos,
    author = {Plotkin, Gordon},
    year = {2004},
    month = {07},
    pages = {17-139},
    title = {A Structural Approach to Operational Semantics},
    volume = {60-61},
    journal = {J. Log. Algebr. Program.},
    doi = {10.1016/j.jlap.2004.05.001}
}